<?xml version="1.0" encoding="UTF-8"?><record xmlns="http://www.loc.gov/MARC21/slim" xmlns:cinclude="http://apache.org/cocoon/include/1.0" xmlns:zs="http://www.loc.gov/zing/srw/">
  <leader>00568nz  a2200145n  4500</leader>
  <controlfield tag="001">n 2012015393</controlfield>
  <controlfield tag="003">DLC</controlfield>
  <controlfield tag="005">20120307074959.0</controlfield>
  <controlfield tag="008">120306n| azannaabn          |b ana      </controlfield>
  <datafield tag="010" ind1=" " ind2=" ">
    <subfield code="a">n 2012015393</subfield>
  </datafield>
  <datafield tag="040" ind1=" " ind2=" ">
    <subfield code="a">DLC</subfield>
    <subfield code="b">eng</subfield>
    <subfield code="c">DLC</subfield>
    <subfield code="e">rda</subfield>
  </datafield>
  <datafield tag="110" ind1="2" ind2=" ">
    <subfield code="a">Tianjin Shi tian di shu zi di li xin xi kai fa zhong xin</subfield>
  </datafield>
  <datafield tag="410" ind1="2" ind2=" ">
    <subfield code="a">天津市天地数字地理信息开发中心</subfield>
  </datafield>
  <datafield tag="667" ind1=" " ind2=" ">
    <subfield code="a">Non-Latin script reference not evaluated</subfield>
  </datafield>
  <datafield tag="670" ind1=" " ind2=" ">
    <subfield code="a">Xin Tianjin di tu (shi yu), 2010:</subfield>
    <subfield code="b">t.p. (天津市天地数字地理信息开发中心 = Tianjin Shi tian di shu zi di li xin xi kai fa zhong xin)</subfield>
  </datafield>
</record>